@Manual{POSIX,
  title = {POSIX.1-2008},
  note = {IEEE Std 1003.1-2008 and The Open Group Technical Standard Base Specifications, Issue 7},
  organization = {The Open Group, IEEE Computer Society},
  year = 2013,
  url = {http://pubs.opengroup.org/onlinepubs/9699919799/}
}

@Manual{ISOC99,
  title = {ISO/IEC 9899:1999},
  organization = {International Organization for Standardization, International Electrotechnical Commission},
  year = 2005,
  url = {http://www.open-std.org/jtc1/sc22/wg14/www/docs/n1124.pdf}
}


